@techreport{nist_password_2017,
	doi={10.6028/nist.sp.800-63b},
	url={https://doi.org/10.6028/nist.sp.800-63b},
	year={2017},
	month={6},
	institution={National Institute of Standards and Technology},
	author={Paul A Grassi and James L Fenton and Elaine M Newton and Ray A Perlner and Andrew R Regenscheid and William E Burr and Justin P Richer and Naomi B Lefkovitz and Jamie M Danker and Yee-Yin Choong and Kristen K Greene and Mary F Theofanos},
	title={Digital identity guidelines: authentication and lifecycle management},
	pages={Section 5.1.1.2 \& Appendix A}
}
@misc{cern_computer_security_information,
	url={https://security.web.cern.ch/security/recommendations/en/passwords.shtml},
	title={Password Recommendations},
	author={{CERN Computer Security Information}}
}
@misc{experian_2016,
	url={http://www.experian.com/blogs/news/2016/05/19/experian-reveals-five-key-factors-make-people-businesses-vulnerable-cyber-fraud/},
	title={Experian Reveals the Five Key Factors That Make People \& Businesses More Vulnerable to Cyber Fraud},
	author={{Experian}}, 
	year={2016}, 
	month={12}
}
@misc{ncsc_pass_managers,
	url={https://www.ncsc.gov.uk/blog-post/what-does-ncsc-think-password-managers},
	author={{National Cyber Security Centre}},
	title = {What does the NCSC think of password managers?},
	year={2017},
	month={1},
}
@misc{keepass_home,
	title={KeePass Password Safe}, 
	url={https://keepass.info/}, 
	author={Reichl, Dominik}
}
@misc{twitter_logs, 
	title={Keeping your account secure},
	url={https://blog.twitter.com/official/en_us/topics/company/2018/keeping-your-account-secure.html}, 
	author={{Twitter}}, 
	year={2018},
	month={5}
}
@misc{github_logs, 
	title={GitHub Accidentally Recorded Some Plaintext Passwords in Its Internal Logs}, url={https://www.bleepingcomputer.com/news/security/github-accidentally-recorded-some-plaintext-passwords-in-its-internal-logs/}, 
	author={Cimpanu, Catalin}, 
	year={2018}, 
	month={5}
}
@article{linkedin_leak,
	doi = {10.1145/2246036.2254400},
	url = {https://doi.org/10.1145/2246036.2254400},
	year  = {2012},
	month = {6},
	volume = {10},
	number = {6},
	pages = {20},
	author = {Poul-Henning Kamp},
	title = {{LinkedIn} Password Leak: Salt Their Hide},
	journal = {ACM Queue}
}